%%%%%%%%%%%%%%%%%%%%%%%%%%%%
% Examples
%%%%%%%%%%%%%%%%%%%%%%%%%%%%

@misc{Nobody05,
    author    = "O. Nobody",
    title     = "Eine wundervolle Mischquelle",
    url       = "https://www.what.a.wonderful.source.world/script.pdf"
}

@online{Nobody06,
    author  = "M. Nobody",
    title   = "Some very interesting stuff",
    url     = "https://my.stuff.is/very/interesting",
    urldate = {2020-01-30}
}


@book{Nobody07,
    title="Such a great book",
    author="N. Nobody",
    publisher="Publisher XYZ",
    year={2020},
    url = "https://www.url.to.my.book.com/pleaseBuy"
}
